@inproceedings{ganty2019language,
    title={Language Inclusion Algorithms as Complete Abstract Interpretations},
    author={Ganty, Pierre and Ranzato, Francesco and Valero, Pedro},
    booktitle={International Static Analysis Symposium},
    pages={140--161},
    year={2019},
    organization={Springer}
}
@unpublished{ganty2020omegalang,
	author	= "Kyveli Doveri and Pierre Ganty",
	title	= "Inclusion Checking Algorithms for $\omega$-Languages",
	year	= "2020",
	month	= "May",
	note	= "submitted to the 27th Static Analysis Symposium",
}
@article{etessami2005fair,
    title={Fair simulation relations, parity games, and state space reduction for B{\"u}chi automata},
    author={Etessami, Kousha and Wilke, Thomas and Schuller, Rebecca A},
    journal={SIAM Journal on Computing},
    volume={34},
    number={5},
    pages={1159--1175},
    year={2005},
    publisher={SIAM}
}
@inproceedings{henzinger1995computing,
    title={Computing simulations on finite and infinite graphs},
    author={Henzinger, Monika Rauch and Henzinger, Thomas A and Kopke, Peter W},
    booktitle={Proceedings of IEEE 36th Annual Foundations of Computer Science},
    pages={453--462},
    year={1995},
    organization={IEEE}
}
@article{henzinger2002fair,
    title={Fair simulation},
    author={Henzinger, Thomas A and Kupferman, Orna and Rajamani, Sriram K},
    journal={Information and Computation},
    volume={173},
    number={1},
    pages={64--81},
    year={2002},
    publisher={Elsevier}
}
@inproceedings{dill1991checking,
    title={Checking for language inclusion using simulation preorders},
    author={Dill, David L and Hu, Alan J and Wong-Toi, Howard},
    booktitle={International Conference on Computer Aided Verification},
    pages={255--265},
    year={1991},
    organization={Springer}
}
@inproceedings{somenzi2000efficient,
    title={Efficient B{\"u}chi automata from LTL formulae},
    author={Somenzi, Fabio and Bloem, Roderick},
    booktitle={International Conference on Computer Aided Verification},
    pages={248--263},
    year={2000},
    organization={Springer}
}
@article{Clemente2018,
    abstract = {In the context of ontology-mediated querying with description logics (DLs), we study the data complexity of queries in which selected predicates can be closed (OMQCs). We provide a non-uniform analysis, aiming at a classification of the complexity into tractable and non-tractable for ontologies in the lightweight DLs DL-Lite and E L, and the expressive DL ALCHI. At the level of ontologies, we prove a dichotomy between FO-rewritable and coNP-complete for DL-Lite and between PTime and coNP-complete for E L. The meta problem of deciding tractability is proved to be in PTime. At the level of OMQCs, we show that there is no dichotomy (unless NP equals PTime) if both concept and role names can be closed. If only concept names can be closed, we tightly link the complexity of query evaluation to the complexity of surjective CSPs. We also identify a class of OMQCs based on ontologies formulated in DL-LiteR that are guaranteed to be tractable and even FO-rewritable.},
    archivePrefix = {arXiv},
    arxivId = {arXiv:1809.00134v1},
    author = {Clemente, Lorenzo and Mayr, Richard},
    doi = {10.2168/LMCS},
    eprint = {arXiv:1809.00134v1},
    keywords = {and phrases,automata reduction,inclusion testing,simulation},
    mendeley-groups = {Tesi},
    number = {1},
    pages = {1--24},
    title = {{Revisiting Call-by-Value Boehm Trees}},
    url = {https://arxiv.org/pdf/1809.00134.pdf},
    volume = {15},
    year = {2018}
}
@book{brookes1994mathematical,
    title={Mathematical Foundations of Programming Semantics: 9th International Conference, New Orleans, LA, USA, April 7-10, 1993. Proceedings},
    author={Brookes, Stephen and Main, Michael and Melton, Austin and Mislove, Michael and Schmidt, David},
    volume={802},
    year={1994},
    publisher={Springer Science \& Business Media}
}
@inproceedings{cousot1979systematic,
    title={Systematic design of program analysis frameworks},
    author={Cousot, Patrick and Cousot, Radhia},
    booktitle={Proceedings of the 6th ACM SIGACT-SIGPLAN symposium on Principles of programming languages},
    pages={269--282},
    year={1979}
}
@book{hopcroft2013introduction,
    title={Introduction to Automata Theory, Languages, and Computation: Pearson New International Edition},
    author={Hopcroft, John E and Motwani, Rajeev and Ullman, Jeffrey D},
    year={2013},
    publisher={Pearson Higher Ed}
}
@inproceedings{de2006antichains,
    title={Antichains: A new algorithm for checking universality of finite automata},
    author={De Wulf, Martin and Doyen, Laurent and Henzinger, Thomas A and Raskin, J-F},
    booktitle={International Conference on Computer Aided Verification},
    pages={17--30},
    year={2006},
    organization={Springer}
}
@inproceedings{abdulla2010simulation,
    title={When simulation meets antichains},
    author={Abdulla, Parosh Aziz and Chen, Yu-Fang and Hol{\'\i}k, Luk{\'a}{\v{s}} and Mayr, Richard and Vojnar, Tom{\'a}{\v{s}}},
    booktitle={International Conference on Tools and Algorithms for the Construction and Analysis of Systems},
    pages={158--174},
    year={2010},
    organization={Springer}
}
@inproceedings{kupferman1996verification,
    title={Verification of fair transition systems},
    author={Kupferman, Orna and Vardi, Moshe Y},
    booktitle={International conference on computer aided verification},
    pages={372--382},
    year={1996},
    organization={Springer}
}
@article{meyer2017liveness,
    title={Liveness verification and synthesis: New algorithms for recursive programs},
    author={Meyer, Roland and Muskalla, Sebastian and Neumann, Elisabeth},
    journal={arXiv preprint arXiv:1701.02947},
    year={2017}
}
@incollection{kupferman2018automata,
    title={Automata theory and model checking},
    author={Kupferman, Orna},
    booktitle={Handbook of Model Checking},
    pages={107--151},
    year={2018},
    publisher={Springer}
}
@misc{esparza2017automata,
    title={Automata theory-An algorithmic approach},
    author={Esparza, Javier},
    year={2017},
    url={https://www7.in.tum.de/~esparza/autoskript.pdf},
    note={Lecture notes}
}
@inproceedings{hofmann2014abstract,
    title={Abstract interpretation from B{\"u}chi automata},
    author={Hofmann, Martin and Chen, Wei},
    booktitle={Proceedings of the Joint Meeting of the Twenty-Third EACSL Annual Conference on Computer Science Logic (CSL) and the Twenty-Ninth Annual ACM/IEEE Symposium on Logic in Computer Science (LICS)},
    pages={1--10},
    year={2014}
}
@article{tarski1955lattice,
    title={A lattice-theoretical fixpoint theorem and its applications.},
    author={Tarski, Alfred and others},
    journal={Pacific journal of Mathematics},
    volume={5},
    number={2},
    pages={285--309},
    year={1955},
    publisher={Pacific Journal of Mathematics}
}
@inproceedings{cousot1977abstract,
    title={Abstract interpretation: a unified lattice model for static analysis of programs by construction or approximation of fixpoints},
    author={Cousot, Patrick and Cousot, Radhia},
    booktitle={Proceedings of the 4th ACM SIGACT-SIGPLAN symposium on Principles of programming languages},
    pages={238--252},
    year={1977}
}
@book {kleene1952introduction,
    title = {Introduction to metamathematics},
    author = {Kleene, Stephen Cole and De Bruijn, NG and de Groot, J and Zaanen, Adriaan Cornelis},
    volume = {483},
    year = {1952},
    publisher = {from Nostrand New York}
}
@article{chomsky1959certain,
    title={On certain formal properties of grammars},
    author={Chomsky, Noam},
    journal={Information and control},
    volume={2},
    number={2},
    pages={137--167},
    year={1959},
    publisher={Elsevier}
}
@article{ginsburg1962two,
    title={Two families of languages related to ALGOL},
    author={Ginsburg, Seymour and Rice, H Gordon},
    journal={Journal of the ACM (JACM)},
    volume={9},
    number={3},
    pages={350--371},
    year={1962},
    publisher={ACM New York, NY, USA}
}
@inproceedings{ouaknine2004language,
  title={On the language inclusion problem for timed automata: Closing a decidability gap},
  author={Ouaknine, Jo{\"e}l and Worrell, James},
  booktitle={Proceedings of the 19th Annual IEEE Symposium on Logic in Computer Science, 2004.},
  pages={54--63},
  year={2004},
  organization={IEEE}
}
@inproceedings{abdulla2011advanced,
  title={Advanced Ramsey-based B{\"u}chi automata inclusion testing},
  author={Abdulla, Parosh Aziz and Chen, Yu-Fang and Clemente, Lorenzo and Hol{\'\i}k, Luk{\'a}{\v{s}} and Hong, Chih-Duo and Mayr, Richard and Vojnar, Tom{\'a}{\v{s}}},
  booktitle={International Conference on Concurrency Theory},
  pages={187--202},
  year={2011},
  organization={Springer}
}
@article{cohen1977theory,
    title={Theory of $\omega$-languages I: Characterizations of $\omega$-context-free languages},
    author={Cohen, Rina S and Gold, Arie Y},
    journal={Journal of Computer and SysteGGm Sciences},
    volume={15},
    number={2},
    pages={169--184},
    year={1977},
    publisher={Elsevier}
}
@inproceedings{ranzato2007new,
  title={A new efficient simulation equivalence algorithm},
  author={Ranzato, Francesco and Tapparo, Francesco},
  booktitle={22nd Annual IEEE Symposium on Logic in Computer Science (LICS 2007)},
  pages={171--180},
  year={2007},
  organization={IEEE}
}
@inproceedings{ranzato2019robustness,
  title={Robustness verification of support vector machines},
  author={Ranzato, Francesco and Zanella, Marco},
  booktitle={International Static Analysis Symposium},
  pages={271--295},
  year={2019},
  organization={Springer}
}
@inproceedings{cousot2005astree,
    title={The ASTR{\'E}E analyzer},
    author={Cousot, Patrick and Cousot, Radhia and Feret, J{\'e}r{\^o}me and Mauborgne, Laurent and Min{\'e}, Antoine and Monniaux, David and Rival, Xavier},
    booktitle={European Symposium on Programming},
    pages={21--30},
    year={2005},
    organization={Springer}
}
@article{bonchi2013checking,
    title={Checking NFA equivalence with bisimulations up to congruence},
    author={Bonchi, Filippo and Pous, Damien},
    journal={ACM SIGPLAN Notices},
    volume={48},
    number={1},
    pages={457--468},
    year={2013},
    publisher={ACM New York, NY, USA}
}
@article{bustan2003simulation,
    title={Simulation-based minimization},
    author={Bustan, Doron and Grumberg, Orna},
    journal={ACM Transactions on Computational Logic (TOCL)},
    volume={4},
    number={2},
    pages={181--206},
    year={2003},
    publisher={ACM New York, NY, USA}
}
@article{crafa2011saving,
    title={Saving space in a time efficient simulation algorithm},
    author={Crafa, Silvia and Ranzato, Francesco and Tapparo, Francesco},
    journal={Fundamenta Informaticae},
    volume={108},
    number={1-2},
    pages={23--42},
    year={2011},
    publisher={IOS Press}
}
@inproceedings{cece2017foundation,
    title={Foundation for a series of efficient simulation algorithms},
    author={C{\'e}c{\'e}, G{\'e}rard},
    booktitle={2017 32nd Annual ACM/IEEE Symposium on Logic in Computer Science (LICS)},
    pages={1--12},
    year={2017},
    organization={IEEE}
}
@inproceedings{jurdzinski2000small,
    title={Small progress measures for solving parity games},
    author={Jurdzi{\'n}ski, Marcin},
    booktitle={Annual Symposium on Theoretical Aspects of Computer Science},
    pages={290--301},
    year={2000},
    organization={Springer}
}
@article{klarlund1994progress,
  title={Progress measures, immediate determinacy, and a subset construction for tree automata},
  author={Klarlund, Nils},
  journal={Annals of Pure and Applied Logic},
  volume={69},
  number={2-3},
  pages={243--268},
  year={1994},
  publisher={Elsevier}
}
@article{walukiewicz2000completeness,
  title={Completeness of Kozen's axiomatisation of the propositional $\mu$-calculus},
  author={Walukiewicz, Igor},
  journal={Information and Computation},
  volume={157},
  number={1-2},
  pages={142--182},
  year={2000},
  publisher={Elsevier}
}
@misc{mayrrabit,
    title={RABIT/Reduce: Tools for language inclusion testing and reduction of nondeterministic B{\"u}chi automata and NFA},
    author={Chen, Yu-Fang and Mayr, Richard},
    url={http://www.languageinclusion.org/doku.php?id=tools}
}
@inproceedings{Oink,
    abstract = {Parity games have important practical applications in formal verification and synthesis, especially to solve the model-checking problem of the modal mu-calculus. They are also interesting from the theory perspective, as they are widely believed to admit a polynomial solution, but so far no such algorithm is known. In recent years, a number of new algorithms and improvements to existing algorithms have been proposed. We implement a new and easy to extend tool Oink, which is a high-performance implementation of modern parity game algorithms. We further present a comprehensive empirical evaluation of modern parity game algorithms and solvers, both on real world benchmarks and randomly generated games. Our experiments show that our new tool Oink outperforms the current state-of-the-art.},
    address = {Cham},
    author = {van Dijk, Tom},
    booktitle = {Tools and Algorithms for the Construction and Analysis of Systems},
    editor = {Beyer, Dirk and Huisman, Marieke},
    isbn = {978-3-319-89960-2},
    pages = {291--308},
    publisher = {Springer International Publishing},
    title = {{Oink: An Implementation and Evaluation of Modern Parity Game Solvers}},
    year = {2018}
}
@article{clemente2017efficient,
    title={Efficient reduction of nondeterministic automata with application to language inclusion testing},
    author={Clemente, Lorenzo and Mayr, Richard},
    journal={arXiv preprint arXiv:1711.09946},
    year={2017}
}
@article{mine2017tutorial,
    title={Tutorial on static inference of numeric invariants by abstract interpretation},
    author={Min{\'e}, Antoine},
    journal={Foundations and Trends in Programming Languages},
    volume={4},
    number={3-4},
    pages={120--372},
    year={2017}
}

@inproceedings{etessami2002hierarchy,
  title={A hierarchy of polynomial-time computable simulations for automata},
  author={Etessami, Kousha},
  booktitle={International Conference on Concurrency Theory},
  pages={131--144},
  year={2002},
  organization={Springer}
}
@article{hopcroft1973n,
  title={An $n^{5/2}$ algorithm for maximum matchings in bipartite graphs},
  author={Hopcroft, John E and Karp, Richard M},
  journal={SIAM Journal on computing},
  volume={2},
  number={4},
  pages={225--231},
  year={1973},
  publisher={SIAM}
}
@inproceedings{calbrix1993ultimately,
  title={Ultimately periodic words of rational $\omega$-languages},
  author={Calbrix, Hugues and Nivat, Maurice and Podelski, Andreas},
  booktitle={International Conference on Mathematical Foundations of Programming Semantics},
  pages={554--566},
  year={1993},
  organization={Springer}
}
